<record><leader>00000cas a22000007a 4500</leader><controlfield tag="001">11288112</controlfield><controlfield tag="008">841020d18411843ohuwr ne      0    0eng d</controlfield><datafield ind1=" " ind2=" " tag="010"><subfield code="a">sn 84028659 </subfield></datafield><datafield ind1=" " ind2=" " tag="040"><subfield code="a">NPY</subfield><subfield code="b">eng</subfield><subfield code="c">NPY</subfield><subfield code="d">DLC</subfield><subfield code="d">ONP</subfield><subfield code="d">OCLCQ</subfield></datafield><datafield ind1=" " ind2=" " tag="042"><subfield code="a">msc</subfield></datafield><datafield ind1="0" ind2="4" tag="245"><subfield code="a">The Columbus freeman.</subfield></datafield><datafield ind1=" " ind2=" " tag="260"><subfield code="a">Columbus, Ohio :</subfield><subfield code="b">Duffey, Wiestling and Glover</subfield></datafield><datafield ind1=" " ind2=" " tag="300"><subfield code="a">v. ;</subfield><subfield code="c">57 cm.</subfield></datafield><datafield ind1=" " ind2=" " tag="310"><subfield code="a">Weekly</subfield></datafield><datafield ind1="1" ind2=" " tag="362"><subfield code="a">Began in Apr. 1841; ceased in 1843?</subfield><subfield code="z">Cf. Gutgesell, S. Guide to Ohio newspapers, 1974.</subfield></datafield><datafield ind1=" " ind2=" " tag="500"><subfield code="a">Publisher, 184&lt;2&gt;: E. Glover.</subfield></datafield><datafield ind1=" " ind2=" " tag="500"><subfield code="a">"Whig." Cf. Gutgesell, S. Guide to Ohio newspapers, 1974.</subfield></datafield><datafield ind1=" " ind2=" " tag="500"><subfield code="a">Editor, 184&lt;2&gt;: J. Duffey.</subfield></datafield><datafield ind1=" " ind2=" " tag="580"><subfield code="a">A continuation of or another edition of: Ohio freeman and Columbus herald.</subfield></datafield><datafield ind1=" " ind2=" " tag="588"><subfield code="a">Description based on: Vol. 1, no. 23 (Oct. 2, 1841).</subfield></datafield><datafield ind1=" " ind2=" " tag="752"><subfield code="a">United States</subfield><subfield code="b">Ohio</subfield><subfield code="c">Franklin</subfield><subfield code="d">Columbus.</subfield></datafield><datafield ind1="0" ind2=" " tag="775"><subfield code="t">Daily Columbus freeman</subfield><subfield code="w">(DLC)sn 85042507</subfield></datafield><datafield ind1="1" ind2=" " tag="787"><subfield code="t">Ohio freeman and Columbus herald</subfield><subfield code="w">(DLC)sn 84028660</subfield></datafield><datafield ind1="1" ind2=" " tag="029"><subfield code="a">AU@</subfield><subfield code="b">000024857301</subfield></datafield></record>